@misc{mmlbook,
    author = {{Deisenroth}, M.~P. and {Faisal}, A.~A. and {Ong}, C~S.},
    year = {2019},
    title = {Mathematics for Machine Learning},
    url = {https://mml-book.github.io/book/mml-book.pdf}
}

@ARTICLE{tgss,
   author = {{Intema}, H.~T. and {Jagannathan}, P. and {Mooley}, K.~P. and 
	{Frail}, D.~A.},
    title = "{The GMRT 150 MHz all-sky radio survey. First alternative data release TGSS ADR1}",
  journal = {Astronomy and Astrophysics},
archivePrefix = "arXiv",
   eprint = {1603.04368},
 keywords = {surveys, catalogs, radio continuum: general, techniques: image processing},
     year = 2017,
    month = feb,
   volume = 598,
      eid = {A78},
    pages = {A78},
      doi = {10.1051/0004-6361/201628536},
   adsurl = {https://ui.adsabs.harvard.edu/abs/2017A%26A...598A..78I},
  adsnote = {Provided by the SAO/NASA Astrophysics Data System}
}

@ARTICLE{nvss,
   author = {{Condon}, J.~J. and {Cotton}, W.~D. and {Greisen}, E.~W. and 
	{Yin}, Q.~F. and {Perley}, R.~A. and {Taylor}, G.~B. and {Broderick}, J.~J.
	},
    title = "{The NRAO VLA Sky Survey}",
  journal = {Astronomical Journal},
 keywords = {CATALOGS, METHODS: DATA ANALYSIS, METHODS: OBSERVATIONAL, RADIO CONTINUUM, SURVEYS},
     year = 1998,
    month = may,
   volume = 115,
    pages = {1693-1716},
      doi = {10.1086/300337},
   adsurl = {https://ui.adsabs.harvard.edu/abs/1998AJ....115.1693C},
  adsnote = {Provided by the SAO/NASA Astrophysics Data System}
}

@ARTICLE{posmatchpaper,
       author = {{Tiwari}, Prabhakar},
        title = "{Radio spectral index from NVSS and TGSS}",
      journal = {Research in Astronomy and Astrophysics},
     keywords = {Astrophysics - Astrophysics of Galaxies, Astrophysics - High Energy Astrophysical Phenomena},
         year = "2019",
        month = "Jul",
       volume = {19},
       number = {7},
          eid = {096},
        pages = {096},
          doi = {10.1088/1674-4527/19/7/96},
archivePrefix = {arXiv},
       eprint = {1609.01308},
 primaryClass = {astro-ph.GA},
       adsurl = {https://ui.adsabs.harvard.edu/abs/2019RAA....19...96T },
      adsnote = {Provided by the SAO/NASA Astrophysics Data System}
}

 @book{python,
  title={Python tutorial},
  author={Van Rossum, Guido and Drake Jr, Fred L},
  year={1995},
  publisher={Centrum voor Wiskunde en Informatica Amsterdam, The Netherlands}
} 
@article{ipython,
  title={IPython: a system for interactive scientific computing},
  author={P{\'e}rez, Fernando and Granger, Brian E},
  journal={Computing in Science \& Engineering},
  volume={9},
  number={3},
  year={2007},
  publisher={IEEE}
} 
@book{numpy,
  title={A guide to NumPy},
  author={Oliphant, Travis E},
  volume={1},
  year={2006},
  publisher={Trelgol Publishing USA}
} 
@inproceedings{pandas,
  title={Data structures for statistical computing in python},
  author={McKinney, Wes and others},
  booktitle={Proceedings of the 9th Python in Science Conference},
  volume={445},
  pages={51--56},
  year={2010},
  organization={Austin, TX}
} 
 @article{matplotlib,
  title={Matplotlib: A 2D graphics environment},
  author={Hunter, John D},
  journal={Computing in science \& engineering},
  volume={9},
  number={3},
  pages={90--95},
  year={2007},
  publisher={IEEE}
} 
@misc{torch,
  title={Automatic differentiation in PyTorch},
  author={Paszke, Adam and Gross, Sam and Chintala, Soumith and Chanan, Gregory and Yang, Edward and DeVito, Zachary and Lin, Zeming and Desmaison, Alban and Antiga, Luca and Lerer, Adam},
  year={2017},
  booktitle={31st Conference on Neural Information Processing System}
}
@article{sklearn,
  title={Scikit-learn: Machine learning in Python},
  author={Pedregosa, Fabian and Varoquaux, Ga{\"e}l and Gramfort, Alexandre and Michel, Vincent and Thirion, Bertrand and Grisel, Olivier and Blondel, Mathieu and Prettenhofer, Peter and Weiss, Ron and Dubourg, Vincent and others},
  journal={Journal of machine learning research},
  volume={12},
  number={Oct},
  pages={2825--2830},
  year={2011}
}

@INPROCEEDINGS{aladinlite,
   author = {{Boch}, T. and {Fernique}, P.},
    title = "{Aladin Lite: Embed your Sky in the Browser}",
booktitle = {Astronomical Data Analysis Software and Systems XXIII},
     year = 2014,
   series = {Astronomical Society of the Pacific Conference Series},
   volume = 485,
   editor = {{Manset}, N. and {Forshay}, P.},
    month = may,
    pages = {277},
   adsurl = {https://ui.adsabs.harvard.edu/abs/2014ASPC..485..277B},
  adsnote = {Provided by the SAO/NASA Astrophysics Data System}
}


